<collection xmlns="http://www.loc.gov/MARC21/slim">
<record>
  <leader>00949nam0a22002051i 450 </leader>
  <controlfield tag="001">IT\ICCU\CNCE\056743</controlfield>
  <controlfield tag="005">20040325000000.0</controlfield>
  <datafield tag="100" ind1=" " ind2=" ">
    <subfield code="a">20040325d1590        0itac0103    ba</subfield>
  </datafield>
  <datafield tag="101" ind1=" " ind2=" ">
    <subfield code="a">LAT</subfield>
  </datafield>
  <datafield tag="102" ind1=" " ind2=" ">
    <subfield code="a">IT</subfield>
  </datafield>
  <datafield tag="200" ind1="1" ind2=" ">
    <subfield code="a">Liber et officium ex precepto s.d.n. Sixti pape V. ad omnibus ecclesiasticis statutis diebus recitandum</subfield>
  </datafield>
  <datafield tag="210" ind1=" " ind2=" ">
    <subfield code="a">Panhormi</subfield>
    <subfield code="c">apud Ioannem Antonium De Franciscis</subfield>
    <subfield code="d">1590</subfield>
  </datafield>
  <datafield tag="620" ind1=" " ind2=" ">
    <subfield code="a">IT</subfield>
    <subfield code="d">Palermo</subfield>
  </datafield>
  <datafield tag="710" ind1="0" ind2="2">
    <subfield code="a">Chiesa cattolica</subfield>
    <subfield code="3">6731</subfield>
  </datafield>
  <datafield tag="712" ind1="0" ind2="0">
    <subfield code="a">De_Franceschi, Giovanni Antonio</subfield>
    <subfield code="3">IT\ICCU\CNCT\000304</subfield>
    <subfield code="4">650</subfield>
  </datafield>
  <datafield tag="791" ind1="0" ind2="0">
    <subfield code="a">Franceschi, Giovanni Antonio de</subfield>
    <subfield code="3">IT\ICCU\CNCT\004554</subfield>
    <subfield code="z">De_Franceschi, Giovanni Antonio</subfield>
  </datafield>
  <datafield tag="791" ind1="0" ind2="0">
    <subfield code="a">Franciscis, Ioannes Antonius de</subfield>
    <subfield code="3">IT\ICCU\CNCT\004555</subfield>
    <subfield code="z">De_Franceschi, Giovanni Antonio</subfield>
  </datafield>
  <datafield tag="791" ind1="0" ind2="0">
    <subfield code="a">Francisci, Giovanni Antonio de</subfield>
    <subfield code="3">IT\ICCU\CNCT\004557</subfield>
    <subfield code="z">De_Franceschi, Giovanni Antonio</subfield>
  </datafield>
  <datafield tag="791" ind1="0" ind2="0">
    <subfield code="a">Francisco, Giovanni Antonio de</subfield>
    <subfield code="3">IT\ICCU\CNCT\004558</subfield>
    <subfield code="z">De_Franceschi, Giovanni Antonio</subfield>
  </datafield>
  <datafield tag="801" ind1=" " ind2="3">
    <subfield code="a">IT</subfield>
    <subfield code="b">ICCU</subfield>
    <subfield code="c">20201115</subfield>
  </datafield>
</record>
</collection>
